@BOOK{STH,
	AUTHOR = {Jon S. Wilson},
	YEAR = {2005},
	TITLE = {Sensor Technology Handbook},
	PUBLISHER = {Elsevier Inc},
	ADDRESS = {Oxford}
}

@BOOK{KSB,
  AUTHOR = {Kantonspolizei Bern},
  YEAR = {2016},
  TITLE = {Kriminalstatistik 2015},
  PUBLISHER = {Kantonspolizei Bern},
  ADDRESS = {Bern}
}

@BOOK{Mechanik,
  AUTHOR = {Modul MAPHY1},
  TITLE = {Mechanik},
  PUBLISHER = {Vorlesungsskript zum Modul \emph{MAPHY1} der Hochschule Luzern},
  YEAR = {2014}
}

@BOOK{Wassner,
  AUTHOR = {Wassner, J.},
  TITLE = {Digital Signal Processing -- Fundamentals},
  PUBLISHER = {Vorlesungsskript zum Modul \emph{Digitale Signalverarbeitung} der Hochschule Luzern},
  YEAR = {2013}
}

@BOOK{Ruhm,
	AUTHOR = {Ruhm, K. H.}, 
	TITLE = {Anregung schwingungsfähiger mechanischer Prozesse},
	NOTE = {Internet-Portal "Wissenschaft und Technik des Messens"; http://www.mmm.ethz.ch/dok01/d0000218.pdf},
	YEAR = {2010}
	
}

@BOOK{Gorostiaga,
	AUTHOR = {Gorostiaga E.M. et al},
	YEAR = {2005},
	TITLE = {Differences in Physical Fitness and Throwing
	Velocity Among Elite and Amateur Male
	Handball Players},
	PUBLISHER = {INTERNATIONAL JOURNAL OF SPORTS MEDICINE},
	ADDRESS = {Suttgart / New York}
}

@BOOK{Niemann,
	AUTHOR = {Niemann, H.J. und Hölscher, N.},
	YEAR = {2009},
	TITLE = {Eigendynamik unerwünscht -- Wie Druckwellen von Hochgeschwindigkeitszügen die Schutzwände belasten},
	PUBLISHER = {Runbin Wissenschaftsmagazin},
	ADDRESS = {Bochum}
}

@MANUAL{H3L,
	ADDRESS= {STMicroelectronics},
	TITLE = {H3LIS331DL -- MEMS motion sensor:
	low-power high-g 3-axis digital accelerometer}, 
	YEAR = {2013}
}

@ELECTRONIC{TaskNotification,
	year = {2015},
	title = {RTOS Task Notifications},
	howpublished = {Online-Quelle},
	url = {http://www.freertos.org/RTOS-task-notifications.html},
	timestamp = {16.05.16}
}